<record><leader>00000cas a2200000   4500</leader><controlfield tag="001">4551589</controlfield><controlfield tag="008">790115d19441944cauwr ne      0    0eng c</controlfield><datafield ind1=" " ind2=" " tag="010"><subfield code="a">sn2001058308</subfield></datafield><datafield ind1=" " ind2=" " tag="040"><subfield code="a">YUS</subfield><subfield code="b">eng</subfield><subfield code="c">YUS</subfield><subfield code="d">DLC</subfield><subfield code="d">OCLCQ</subfield><subfield code="d">OCLCF</subfield><subfield code="d">OCLCO</subfield><subfield code="d">DLC</subfield><subfield code="d">OCLCA</subfield></datafield><datafield ind1=" " ind2=" " tag="042"><subfield code="a">pcc</subfield></datafield><datafield ind1=" " ind2=" " tag="043"><subfield code="a">n-us-ca</subfield></datafield><datafield ind1="0" ind2="0" tag="050"><subfield code="a">Newspaper</subfield></datafield><datafield ind1="0" ind2="0" tag="245"><subfield code="a">WRA center information bulletin.</subfield></datafield><datafield ind1="3" ind2=" " tag="246"><subfield code="a">War Relocation Authority center intormation bulletin</subfield></datafield><datafield ind1="3" ind2="0" tag="246"><subfield code="a">Information bulletin</subfield></datafield><datafield ind1="1" ind2="7" tag="246"><subfield code="a">Tule Lake bulletin</subfield></datafield><datafield ind1=" " ind2=" " tag="260"><subfield code="a">Newell, Calif. :</subfield><subfield code="b">[War Relocation Authority],</subfield><subfield code="c">1944.</subfield></datafield><datafield ind1=" " ind2=" " tag="300"><subfield code="a">v.</subfield></datafield><datafield ind1=" " ind2=" " tag="310"><subfield code="a">Weekly</subfield></datafield><datafield ind1="0" ind2=" " tag="362"><subfield code="a">Feb. 22, 1944-Mar. 2, 1944.</subfield></datafield><datafield ind1="0" ind2=" " tag="490"><subfield code="a">Japanese camp papers</subfield></datafield><datafield ind1=" " ind2=" " tag="500"><subfield code="a">Collected in Japanese camp papers.</subfield></datafield><datafield ind1=" " ind2=" " tag="530"><subfield code="a">Aavailable on microfilm from the Library of Congress, Photoduplication Service.</subfield></datafield><datafield ind1=" " ind2=" " tag="550"><subfield code="a">Published at the Tule Lake Relocation Center established by the War Relocation Authority for civilians of Japanese ancestry.</subfield></datafield><datafield ind1=" " ind2="0" tag="650"><subfield code="a">Japanese Americans</subfield><subfield code="z">California</subfield><subfield code="v">Newspapers.</subfield></datafield><datafield ind1=" " ind2="0" tag="651"><subfield code="a">Newell (Calif.)</subfield><subfield code="v">Newspapers.</subfield></datafield><datafield ind1=" " ind2="0" tag="651"><subfield code="a">Modoc County (Calif.)</subfield><subfield code="v">Newspapers.</subfield></datafield><datafield ind1=" " ind2="7" tag="650"><subfield code="a">Japanese Americans.</subfield><subfield code="2">fast</subfield><subfield code="0">(OCoLC)fst00981441</subfield></datafield><datafield ind1=" " ind2="7" tag="651"><subfield code="a">California.</subfield><subfield code="2">fast</subfield><subfield code="0">(OCoLC)fst01204928</subfield></datafield><datafield ind1=" " ind2="7" tag="651"><subfield code="a">California</subfield><subfield code="z">Modoc County.</subfield><subfield code="2">fast</subfield><subfield code="0">(OCoLC)fst01218112</subfield></datafield><datafield ind1=" " ind2="7" tag="651"><subfield code="a">California</subfield><subfield code="z">Newell.</subfield><subfield code="2">fast</subfield><subfield code="0">(OCoLC)fst01222406</subfield></datafield><datafield ind1=" " ind2="7" tag="655"><subfield code="a">Newspapers.</subfield><subfield code="2">fast</subfield><subfield code="0">(OCoLC)fst01423814</subfield></datafield><datafield ind1="2" ind2=" " tag="710"><subfield code="a">Tule Lake Relocation Center.</subfield></datafield><datafield ind1="1" ind2=" " tag="710"><subfield code="a">United States.</subfield><subfield code="b">War Relocation Authority.</subfield></datafield><datafield ind1="0" ind2=" " tag="730"><subfield code="a">Japanese camp papers.</subfield></datafield><datafield ind1=" " ind2=" " tag="752"><subfield code="a">United States</subfield><subfield code="b">California</subfield><subfield code="c">Modoc</subfield><subfield code="d">Newell.</subfield></datafield><datafield ind1="0" ind2="0" tag="785"><subfield code="t">Newell star</subfield><subfield code="w">(DLC)sn 84025952</subfield><subfield code="w">(OCoLC)10815164</subfield></datafield></record>